%YAML 1.1
%TAG !u! tag:unity3d.com,2011:
--- !u!1 &6528209741457686600
GameObject:
  m_ObjectHideFlags: 0
  m_CorrespondingSourceObject: {fileID: 0}
  m_PrefabInstance: {fileID: 0}
  m_PrefabAsset: {fileID: 0}
  serializedVersion: 6
  m_Component:
  - component: {fileID: 6528209741457686598}
  - component: {fileID: 6528209741457686599}
  m_Layer: 0
  m_Name: SatelliteDish
  m_TagString: Untagged
  m_Icon: {fileID: 0}
  m_NavMeshLayer: 0
  m_StaticEditorFlags: 0
  m_IsActive: 1
--- !u!4 &6528209741457686598
Transform:
  m_ObjectHideFlags: 0
  m_CorrespondingSourceObject: {fileID: 0}
  m_PrefabInstance: {fileID: 0}
  m_PrefabAsset: {fileID: 0}
  m_GameObject: {fileID: 6528209741457686600}
  m_LocalRotation: {x: 0, y: 0, z: 0, w: 1}
  m_LocalPosition: {x: 0, y: 0, z: 0}
  m_LocalScale: {x: 1, y: 1, z: 1}
  m_Children:
  - {fileID: 6706534194110410577}
  - {fileID: 6706534193803046465}
  m_Father: {fileID: 0}
  m_RootOrder: 0
  m_LocalEulerAnglesHint: {x: 0, y: 0, z: 0}
--- !u!205 &6528209741457686599
LODGroup:
  m_ObjectHideFlags: 0
  m_CorrespondingSourceObject: {fileID: 0}
  m_PrefabInstance: {fileID: 0}
  m_PrefabAsset: {fileID: 0}
  m_GameObject: {fileID: 6528209741457686600}
  serializedVersion: 2
  m_LocalReferencePoint: {x: 0, y: 0.000002503395, z: 0.8954176}
  m_Size: 2.1244266
  m_FadeMode: 0
  m_AnimateCrossFading: 0
  m_LastLODIsBillboard: 0
  m_LODs:
  - screenRelativeHeight: 0.06739235
    fadeTransitionWidth: 0
    renderers:
    - renderer: {fileID: 5573566886668129582}
  - screenRelativeHeight: 0.0018675156
    fadeTransitionWidth: 0
    renderers:
    - renderer: {fileID: 5573566886838916158}
  m_Enabled: 1
--- !u!1001 &6528209743143192762
PrefabInstance:
  m_ObjectHideFlags: 0
  serializedVersion: 2
  m_Modification:
    m_TransformParent: {fileID: 6528209741457686598}
    m_Modifications:
    - target: {fileID: -8679921383154817045, guid: 2d2d001e3aa9e84458988b5131b41ac8, type: 3}
      propertyPath: m_RootOrder
      value: 0
      objectReference: {fileID: 0}
    - target: {fileID: -8679921383154817045, guid: 2d2d001e3aa9e84458988b5131b41ac8, type: 3}
      propertyPath: m_LocalPosition.x
      value: -0
      objectReference: {fileID: 0}
    - target: {fileID: -8679921383154817045, guid: 2d2d001e3aa9e84458988b5131b41ac8, type: 3}
      propertyPath: m_LocalPosition.y
      value: 0
      objectReference: {fileID: 0}
    - target: {fileID: -8679921383154817045, guid: 2d2d001e3aa9e84458988b5131b41ac8, type: 3}
      propertyPath: m_LocalPosition.z
      value: 0
      objectReference: {fileID: 0}
    - target: {fileID: -8679921383154817045, guid: 2d2d001e3aa9e84458988b5131b41ac8, type: 3}
      propertyPath: m_LocalRotation.w
      value: 1
      objectReference: {fileID: 0}
    - target: {fileID: -8679921383154817045, guid: 2d2d001e3aa9e84458988b5131b41ac8, type: 3}
      propertyPath: m_LocalRotation.x
      value: 0
      objectReference: {fileID: 0}
    - target: {fileID: -8679921383154817045, guid: 2d2d001e3aa9e84458988b5131b41ac8, type: 3}
      propertyPath: m_LocalRotation.y
      value: -0
      objectReference: {fileID: 0}
    - target: {fileID: -8679921383154817045, guid: 2d2d001e3aa9e84458988b5131b41ac8, type: 3}
      propertyPath: m_LocalRotation.z
      value: -0
      objectReference: {fileID: 0}
    - target: {fileID: -8679921383154817045, guid: 2d2d001e3aa9e84458988b5131b41ac8, type: 3}
      propertyPath: m_LocalEulerAnglesHint.x
      value: 0
      objectReference: {fileID: 0}
    - target: {fileID: -8679921383154817045, guid: 2d2d001e3aa9e84458988b5131b41ac8, type: 3}
      propertyPath: m_LocalEulerAnglesHint.y
      value: 0
      objectReference: {fileID: 0}
    - target: {fileID: -8679921383154817045, guid: 2d2d001e3aa9e84458988b5131b41ac8, type: 3}
      propertyPath: m_LocalEulerAnglesHint.z
      value: 0
      objectReference: {fileID: 0}
    - target: {fileID: 919132149155446097, guid: 2d2d001e3aa9e84458988b5131b41ac8, type: 3}
      propertyPath: m_Name
      value: SatelliteDish.Low
      objectReference: {fileID: 0}
    m_RemovedComponents: []
  m_SourcePrefab: {fileID: 100100000, guid: 2d2d001e3aa9e84458988b5131b41ac8, type: 3}
--- !u!4 &6706534194110410577 stripped
Transform:
  m_CorrespondingSourceObject: {fileID: -8679921383154817045, guid: 2d2d001e3aa9e84458988b5131b41ac8, type: 3}
  m_PrefabInstance: {fileID: 6528209743143192762}
  m_PrefabAsset: {fileID: 0}
--- !u!23 &5573566886838916158 stripped
MeshRenderer:
  m_CorrespondingSourceObject: {fileID: -7511558181221131132, guid: 2d2d001e3aa9e84458988b5131b41ac8, type: 3}
  m_PrefabInstance: {fileID: 6528209743143192762}
  m_PrefabAsset: {fileID: 0}
--- !u!1001 &6528209743441906090
PrefabInstance:
  m_ObjectHideFlags: 0
  serializedVersion: 2
  m_Modification:
    m_TransformParent: {fileID: 6528209741457686598}
    m_Modifications:
    - target: {fileID: -8679921383154817045, guid: bb0a4edae080c6e4992c73fca7d2be4a, type: 3}
      propertyPath: m_RootOrder
      value: 1
      objectReference: {fileID: 0}
    - target: {fileID: -8679921383154817045, guid: bb0a4edae080c6e4992c73fca7d2be4a, type: 3}
      propertyPath: m_LocalPosition.x
      value: -0
      objectReference: {fileID: 0}
    - target: {fileID: -8679921383154817045, guid: bb0a4edae080c6e4992c73fca7d2be4a, type: 3}
      propertyPath: m_LocalPosition.y
      value: 0
      objectReference: {fileID: 0}
    - target: {fileID: -8679921383154817045, guid: bb0a4edae080c6e4992c73fca7d2be4a, type: 3}
      propertyPath: m_LocalPosition.z
      value: 0
      objectReference: {fileID: 0}
    - target: {fileID: -8679921383154817045, guid: bb0a4edae080c6e4992c73fca7d2be4a, type: 3}
      propertyPath: m_LocalRotation.w
      value: 1
      objectReference: {fileID: 0}
    - target: {fileID: -8679921383154817045, guid: bb0a4edae080c6e4992c73fca7d2be4a, type: 3}
      propertyPath: m_LocalRotation.x
      value: 0
      objectReference: {fileID: 0}
    - target: {fileID: -8679921383154817045, guid: bb0a4edae080c6e4992c73fca7d2be4a, type: 3}
      propertyPath: m_LocalRotation.y
      value: -0
      objectReference: {fileID: 0}
    - target: {fileID: -8679921383154817045, guid: bb0a4edae080c6e4992c73fca7d2be4a, type: 3}
      propertyPath: m_LocalRotation.z
      value: -0
      objectReference: {fileID: 0}
    - target: {fileID: -8679921383154817045, guid: bb0a4edae080c6e4992c73fca7d2be4a, type: 3}
      propertyPath: m_LocalEulerAnglesHint.x
      value: 0
      objectReference: {fileID: 0}
    - target: {fileID: -8679921383154817045, guid: bb0a4edae080c6e4992c73fca7d2be4a, type: 3}
      propertyPath: m_LocalEulerAnglesHint.y
      value: 0
      objectReference: {fileID: 0}
    - target: {fileID: -8679921383154817045, guid: bb0a4edae080c6e4992c73fca7d2be4a, type: 3}
      propertyPath: m_LocalEulerAnglesHint.z
      value: 0
      objectReference: {fileID: 0}
    - target: {fileID: 919132149155446097, guid: bb0a4edae080c6e4992c73fca7d2be4a, type: 3}
      propertyPath: m_Name
      value: SatelliteDish.High
      objectReference: {fileID: 0}
    m_RemovedComponents: []
  m_SourcePrefab: {fileID: 100100000, guid: bb0a4edae080c6e4992c73fca7d2be4a, type: 3}
--- !u!4 &6706534193803046465 stripped
Transform:
  m_CorrespondingSourceObject: {fileID: -8679921383154817045, guid: bb0a4edae080c6e4992c73fca7d2be4a, type: 3}
  m_PrefabInstance: {fileID: 6528209743441906090}
  m_PrefabAsset: {fileID: 0}
--- !u!23 &5573566886668129582 stripped
MeshRenderer:
  m_CorrespondingSourceObject: {fileID: -7511558181221131132, guid: bb0a4edae080c6e4992c73fca7d2be4a, type: 3}
  m_PrefabInstance: {fileID: 6528209743441906090}
  m_PrefabAsset: {fileID: 0}
